@ARTICLE {smith2017a,
    author  = "Smith, John",
    title   = "Something really amazing",
    journal = "The Journal of Awesomeness",
    year    = "2017",
    volume  = "1",
    number  = "2",
    pages   = "1-12"
}
@ARTICLE {smith2017b,
    author  = "Smith, John",
    title   = "Something really amazing",
    journal = "The Journal of Awesomeness",
    year    = "2017",
    volume  = "1",
    number  = "2",
    pages   = "1-12"
}
@ARTICLE {folke2004,
    author  = "Folke, Carl, Carpenter, Steve, Walker, Brian, Scheffer, Marten, Elmqvst, Thomas, Gunderson, Lance, Holling, C S",
    title   = "Regime Shifts, Resilience, and Biodiversity in Ecosystem Management",
    journal = "Annual Review of Ecology, Evolution, and Systematics",
    year    = "2004",
    volume  = "35",
    pages   = "557-581"
}
@ARTICLE {scheffer2001,
    author  = "Scheffer, Marten, Straile, Dietmar, Van Nes, Egbert, Hosper, Harry",
    title   = "Climatic Warming Causes Regime Shifts in Lake Food Webs",
    journal = "Limnology and Oceanography",
    year    = "2001",
    volume  = "46",
    number  = "7",
    pages   = "1780-1783"
}
@ARTICLE {jeppesen2007,
    author  = "Jeppesen, E, Meerhoff, M, Jacobsen, B.A., Hansen, R. S., Sondergaard, M, Jensen, J. P., Lauridsen, T. L.",
    title   = "Restoration of shallow lakes by nutrient control and biomanipulation - the successful strategy varies with lake size and climate",
    journal = "Hydrobiologia",
    year    = "2007",
    volume  = "581",
    pages   = "269-285"
}
@ARTICLE {bláha2007,
    author  = "Bláha, Luděk, Babica, Pavel, Maršálek, Blahoslav",
    title   = "Toxins produced in cyanobacterial water blooms – toxicity and risks",
    journal = "Interdisciplinary Toxicology",
    year    = "2009",
    volume  = "2",
    number  = "2",
    pages   = "36-41"
}
@ARTICLE {paerl2012,
    author  = "Paerl, Hans, Otten, Timothy",
    title   = "Harmful Cyanobacterial Blooms: Causes, Consequences, and Controls",
    journal = "Environmental Microbiology",
    year    = "2012"
}
@TECHREPORT {anderson2000,
    author      = "Anderson, Donald, Hoagland, Porter, Kaoru, Yoshi, White, Alan",
    title       = "Estimated Annual Economic Impacts from Harmful Algal Blooms (HABs) in the United States",
    institution = "Sea Grant - Woods Hole",
    year        = "2000",
    type        = "September",
    number      = "1-100"
}
@INBOOK {steffensen2008,
    author    = "Steffensen, Dennis",
    title     = "Economic cost of cyanobacterial blooms",
    chapter   = "37",
    publisher = "Springer-Verlag New York",
    year      = "2008"
}
@ARTICLE {hoagland2002,
    author  = "Hoagland, P., Anderson, D. M., Kaoru, Y., White, A. W.",
    title   = "The Economic Effects of Harmful Algal Blooms in the United States: Estimates, Assessment Issues, and Information Needs",
    journal = "Estuaries",
    year    = "2002",
    volume  = "25",
    number  = "4b",
    pages   = "819-837"
}
@ARTICLE {cheung2002,
    author  = "Cheung, Melissa Y., Liang, Song, Lee, Jiyoung",
    title   = "Toxin-producing Cyanobacteria in Freshwater: A Review of the Problems, Impact on Drinking Water Safety, and Efforts for Protecting Public Health",
    journal = "Journal of Microbiology",
    year    = "2002",
    volume  = "51",
    number  = "1",
    pages   = "1-10"
}
@ARTICLE {paerl1996,
    author  = "Paerl, Hans W., Millie, David F.",
    title   = "Physiological ecology of toxic aquatic cyanobacteria",
    journal = "Phycologia",
    year    = "1996",
    volume  = "35",
    pages   = "160-167"
}
@ARTICLE {paerl1997,
    author  = "Paerl, Hans W.",
    title   = "Coastal eutrophication and harmful algal blooms: Importance of atmospheric deposition and groundwater as \"new\" nitrogen and other nutrient sources",
    journal = "Limnology and Oceanography",
    year    = "1997",
    volume  = "42",
    number  = "5 part 2",
    pages   = "1154-1165"
}
@ARTICLE {paerl1988,
    author  = "Paerl, Hans W.",
    title   = "Nuisance phytoplankton blooms in coastal, estuarine, and inland waters",
    journal = "Limnology and Oceanography",
    year    = "1988",
    volume  = "33",
    number  = "4 part 2",
    pages   = "823-843"
}
@ARTICLE {carmichael2001,
    author  = "Carmichael, Wayne",
    title   = "Health Effects of Toxin-Producing Cyanobacteria: \"The CyanoHABs\"",
    journal = "Human and Ecological Risk Assessment",
    year    = "2001",
    volume  = "7",
    number  = "5",
    pages   = "1393-1407"
}
@ARTICLE {bartram1999,
    author  = "Bartram J., Press S., Edmunds B.",
    title   = "Toxic Cyanobacteria in Water: A guide to their public health consequences, monitoring, and management",
    journal = "Water",
    year    = "1999"
}
@ARTICLE {carmichael2001,
    author  = "Carmichael, Wayne, Azevedo, Sandra M. F. O., An, Ji Si, Molica, Renato J. R., Jochimsen, Elise M., Lau, Sharon, Rinehart, Kenneth L., Shaw, Glen R., Eaglesham, Geoff K.",
    title   = "Human Fatalities from Cyanobacteria: Chemical and Biological Evidence for Cyanotoxins",
    journal = "Environmental Health Perspectives",
    year    = "2001",
    volume  = "109",
    number  = "7"
}
@ARTICLE {taranu2001,
    author  = "Taranu, Zofia, Gregory-Eaves, Irene, Leavitt, Peter, Bunting, Lynda, Buchaca, Teresa, Catalan, Jordi, Domaizon, Isabelle, Guilizzoni, Piero, Lami, Andrea, McGowan, Suzanne, Moorhouse, Heather, Morabito, Giuseppe, Pick, Frances, Stevenson, Mark, Thompson, Patrick, Vinebrooke, Rolf",
    title   = "Acceleration of cyanobacterial dominance in north temperate-subarctic lakes during the Anthropocene",
    journal = "Ecology Letters",
    year    = "2015"
}
@ARTICLE {beaver2014,
    author  = "Beaver, John R., Manis, Erin E., Loftin, Keith A., Graham, Jennifer L., Pollard, Amina I., Mitchell, Richard M",
    title   = "Land use patterns, ecoregion, and microcystin relationships in U.S. lakes and reservoirs: A preliminary evaluation",
    journal = "Harmful Algae",
    year    = "2014",
    volume  = "36",
    pages   = "57-62"
}
@ARTICLE {loftin2016,
    author  = "Loftin, Keith A., Graham, Jennifer L., Hillborn, Elizabeth D., Lehmann, Sarah C., Meyer, Michael T",
    title   = "Cyanotoxins in inland lakes of the United States: Occurrence and potential recreational health risks in the EPA National Lakes Assessment 2007",
    journal = "Harmful Algae",
    year    = "2016",
    volume  = "56",
    pages   = "77-90"
}
@ARTICLE {o'neil2016,
    author  = "O 'neil, J. M., Davis, T. W., Burford, M. A., Gobler, C. J.",
    title   = "The rise of harmful cyanobacteria blooms: The potential roles of eutrophication and climate change",
    journal = "Harmful Algae",
    year    = "2012",
    volume  = "14",
    pages   = "313-334"
}
@ARTICLE {paerl2012,
    author  = "Paerl, Hans W., Paul, Valerie J.",
    title   = "Climate change: Links to global expansion of harmful cyanobacteria",
    journal = "Water Research",
    year    = "2012",
    volume  = "46",
    pages   = "1349-1363"
}
@ARTICLE {brooks2016,
    author  = "Brooks, Bryan W., Lazorchak, James M., Howard, Meredith D.A., Johnson, Mari-Vaughn V., Morton, Steve L., Perkins, Dawn A.K., Reavie, Euan D., Scott, Geoffrey I., Smith, Stephanie A., Steevens, Jeffery A.",
    title   = "Are harmful algal blooms becoming the greatest inland water quality threat to public health and aquatic ecosystems?",
    journal = "Environmental Toxicology and Chemistry",
    year    = "2016",
    volume  = "35",
    number  = "1",
    pages   = "6-13"
}
@ARTICLE {lee2017,
    author  = "Lee, Jiyoung, Lee, Seungjun, Jiang, Xuewen",
    title   = "Cyanobacterial Toxins in Freshwater and Food: Important Sources of Exposure to Humans",
    journal = "Annual Review of Food Science and Technology",
    year    = "2017",
    volume  = "8",
    pages   = "281-304"
}
@TECHREPORT {,
    author      = "Anderson, Robert, Avouris, Dulcinea, Becker, Richard, Churnside, James, Cline, Michael, Demers, James, Leshkevich, George, Liou, Larry, Luvall, Jeffrey, Ortiz, Joseph, Royce, Anthony, Ruberg, Steve, Sawtell, Reid, Sayers, Michael, Schiller, Stephen, Shuchman, Robert, Simic, Anita, Stuart, Dack, Sullivan, Glenn, Tavernelli, Paul, Tokars, Roger, Woude, Andrea, Vander",
    title       = "Airborne Hyperspectral Sensing of Harmful Algal Blooms in the Great Lakes Region: System Calibration and Validation",
    institution = "National Aeronautics and Space Administration",
    year        = "2017"
}
@ARTICLE {hallegraeff1993,
    author  = "Hallegraeff, G. M.",
    title   = "A review of harmful algal blooms and their apparent global increase",
    journal = "Phycologia",
    year    = "1993",
    volume  = "32",
    number  = "2",
    pages   = "79-99"
}
@ARTICLE {scholz2017,
    author  = "Scholz, Stefanie N., Esterhuizen-Londt, Maranda, Pflugmacher, Stephan",
    title   = "Rise of toxic cyanobacterial blooms in temperate freshwater lakes: causes, correlations and possible countermeasures",
    journal = "Toxicological \& Environmental Chemistry",
    year    = "2017",
    volume  = "99",
    number  = "4",
    pages   = "1-35"
}
@ARTICLE {heisler2008,
    author  = "Heisler, J., Glibert, P. M., Burkholder, J. M., Anderson, D. M., Cochlan, W., Dennison, W. C., Dortch, Q., Gobler, C. J., Heil, C. A., Humphries, E., Lewitus, A., Magnien, R., Marshall, H. G., Sellner, K., Stockwell, D. A., Stoecker, D. K., Suddleson, M.",
    title   = "Eutrophication and harmful algal blooms: A scientific consensus",
    journal = "Harmful Algae",
    year    = "2008",
    volume  = "8",
    number  = "1",
    pages   = "3-13"
}